<record><leader>00000cas a22000007a 4500</leader><controlfield tag="001">17866561</controlfield><controlfield tag="008">880429d19861990lauwr ne      0    0eng d</controlfield><datafield ind1=" " ind2=" " tag="010"><subfield code="a">sn 88064362 </subfield></datafield><datafield ind1=" " ind2=" " tag="040"><subfield code="a">LNP</subfield><subfield code="b">eng</subfield><subfield code="c">LNP</subfield><subfield code="d">OCLCQ</subfield><subfield code="d">OCLCF</subfield><subfield code="d">OCLCO</subfield></datafield><datafield ind1=" " ind2=" " tag="042"><subfield code="a">msc</subfield></datafield><datafield ind1=" " ind2=" " tag="043"><subfield code="a">n-us-la</subfield></datafield><datafield ind1="0" ind2=" " tag="130"><subfield code="a">Mansfield enterprise (Mansfield, La. : 1986)</subfield></datafield><datafield ind1="1" ind2="0" tag="245"><subfield code="a">Mansfield enterprise.</subfield></datafield><datafield ind1=" " ind2=" " tag="260"><subfield code="a">Mansfield, La. :</subfield><subfield code="b">Journal Pub. Co.</subfield></datafield><datafield ind1=" " ind2=" " tag="300"><subfield code="a">v.</subfield></datafield><datafield ind1=" " ind2=" " tag="310"><subfield code="a">Weekly</subfield></datafield><datafield ind1="0" ind2=" " tag="362"><subfield code="a">Oct. 16, 1986-Sept. 27, 1990.</subfield></datafield><datafield ind1=" " ind2="0" tag="651"><subfield code="a">Mansfield (La.)</subfield><subfield code="v">Newspapers.</subfield></datafield><datafield ind1=" " ind2="7" tag="655"><subfield code="a">Newspapers.</subfield><subfield code="2">fast</subfield><subfield code="0">(OCoLC)fst01423814</subfield></datafield><datafield ind1=" " ind2="7" tag="651"><subfield code="a">Louisiana</subfield><subfield code="z">Mansfield.</subfield><subfield code="2">fast</subfield><subfield code="0">(OCoLC)fst01217782</subfield></datafield><datafield ind1=" " ind2=" " tag="752"><subfield code="a">United States</subfield><subfield code="b">Louisiana</subfield><subfield code="c">De Soto</subfield><subfield code="d">Mansfield.</subfield></datafield><datafield ind1="0" ind2="0" tag="780"><subfield code="t">Enterprise (Mansfield, La. : 1985)</subfield><subfield code="w">(DLC)sn 89059404</subfield></datafield><datafield ind1="0" ind2="0" tag="785"><subfield code="t">Enterprise (Mansfield, La. : 1990)</subfield><subfield code="w">(DLC)sn 91099516</subfield></datafield></record>